@Online{KrRz15,
	title = {Smoothness of bounded invariant equivalence relations},
	note = {(Accepted in Journal of Symbolic Logic)},
	eprinttype  = {arxiv},
	eprint      = {1406.7402},
	date = {2014},
	%version = {1},
	author = {Krupiński, Krzysztof and Rzepecki, Tomasz},
	keywords = {{03C45},{03E15},{03C60}, accepted},
}

@article{KMS14,
 title = {The Borel cardinality of Lascar strong types},
 volume = {90},
 number = {2},
 pages = {609–630},
 doi = {10.1112/jlms/jdu041},
 issn = {0024-6107, 1469-7750},
 journaltitle = {J. Lond. Math. Soc. (2)},
 date = {2014},
 author = {Kaplan, Itay and Miller, Benjamin and Simon, Pierre},
 keywords = {Mathematics - Logic},
}


@article{KM14,
 title = {An embedding theorem of ${\mathbb E}_0$ with model theoretic applications},
 journaltitle= {J. Math. Log.},
 volume = {14},
 number = {2},
 pages = {to appear},
 issn = {0219-0613,1793-6691},
 doi = {10.1142/S021906131450010X},
 author = {Kaplan, Itay and Miller, Benjamin D.},
 date = {2014},
 keywords = {{03C45}, {03E15}, Mathematics - Logic},
}

@article{New03,
 title = {The diameter of a Lascar strong type},
 volume = {176},
 issn = {0016-2736, 1730-6329},
 url = {http://journals.impan.pl/fm/Inf/176-2-4.html},
 doi = {10.4064/fm176-2-4},
 pages = {157-170},
 number = {2},
 journaltitle = {Fund. Math.},
 author = {Newelski, Ludomir},
 urldate = {2014-06-02},
 date = {2003},
 langid = {english},
}

@article{CP12,
 title = {Connected components of definable groups and o-minimality I},
 volume = {231},
 issn = {0001-8708},
 url = {http://www.sciencedirect.com/science/article/pii/S0001870812002095},
 doi = {10.1016/j.aim.2012.05.022},
 pages = {605-623},
 number = {2},
 journaltitle = {Adv. Math.},
 author = {Conversano, Annalisa and Pillay, Anand},
 urldate = {2014-06-02},
 date = {2012-10-01},
 keywords = {Amenability, Bounded orbit, Definable group, o  -minimality},
}


@article{KPS13,
 title = {Borel equivalence relations and {L}ascar strong types},
 volume = {13},
 issn = {0219-0613, 1793-6691},
 url = {http://www.worldscientific.com/action/showMultipleAbstracts?loginUri=%2Fworldscinet%2Fjml&title=Journal+of+Mathematical+Logic+%282013%29&journalTabs=recent&doi=10.1142%2FS0219061313500086},
 doi = {10.1142/S0219061313500086},
 number = {2},
 journaltitle = {J. Math. Log.},
 author = {Krupiński, Krzysztof and Pillay, Anand and Solecki, Sławomir},
 urldate = {2014-06-02},
 date = {2013-12},
 langid = {english},
}

@article{Gis11,
 title = {Model theoretic connected components of groups},
 volume = {184},
 issn = {0021-2172, 1565-8511},
 url = {http://link.springer.com/article/10.1007/s11856-011-0067-8},
 doi = {10.1007/s11856-011-0067-8},
 pages = {251-274},
 number = {1},
 journaltitle = {Isr. J. Math.},
 author = {Gismatullin, Jakub},
 urldate = {2014-06-02},
 date = {2011-08-01},
 langid = {english},
 keywords = {Algebra, Analysis, Applications of Mathematics, Group Theory and Generalizations, Mathematics, general, Theoretical, Mathematical and Computational Physics},
}

@book{Kec95,
 title = {Classical Descriptive Set Theory},
 isbn = {9780387943749},
 pagetotal = {427},
 publisher = {Springer},
 author = {Kechris, Alexander S.},
 date = {1995},
 langid = {english},
 keywords = {Mathematics / Logic, Mathematics / Topology}
}


@article{Pil04,
 title = {Type-Definability, Compact Lie Groups, and o-Minimality},
 volume = {4},
 pages = {147–162},
 number = {2},
 journaltitle = {J. Math. Log.},
 author = {Pillay, Anand},
 date = {2004},
}

@article{GN08,
 title = {G-Compactness and Groups},
 volume = {47},
 pages = {479–501},
 number = {5},
 journaltitle = {Arch. Math. Logic},
 author = {Gismatullin, Jakub and Newelski, Ludomir},
 date = {2008},
}

@article{CLPZ01,
 title = {Galois Groups of First Order Theories},
 volume = {1},
 pages = {305–319},
 number = {2},
 journaltitle = {J. Math. Log.},
 author = {Casanovas, E. and Lascar, D. and Pillay, A. and Ziegler, M.},
 date = {2001},
}

@book{Rotman,
 title = {Advanced Modern Algebra},
 isbn = {9780821884201},
 pagetotal = {1026},
 publisher = {American Mathematical Soc.},
 author = {Rotman, Joseph J.},
 year = {2002},
 langid = {english}
}

@book{Kan08,
 title = {Borel Equivalence Relations},
 isbn = {9780821883006},
 pagetotal = {260},
 year= {2008},
 publisher = {American Mathematical Soc.},
 author = {Kanovei, Vladimir},
 langid = {english}
}

@book{BK96,
 title = {The Descriptive Set Theory of Polish Group Actions},
 isbn = {9780521576055},
 pagetotal = {152},
 publisher = {Cambridge University Press},
 author = {Becker, Howard and Kechris, A. S.},
 date = {1996-12-05},
 langid = {english},
 keywords = {Mathematics / Combinatorics, Mathematics / Geometry / General, Mathematics / Logic, Mathematics / Set Theory}
}

@Online{GK13,
 title = {On model-theoretic connected components in some group extensions},
 note = {(Submitted.)},
    eprinttype  = {arxiv},
    eprint      = {1201.5221v2},
    version = {2},
 author = {Gismatullin, Jakub and Krupiński, Krzysztof},
 urldate = {2014-06-02},
 date = {2013},
 keywords = {{03C60}, {20A15}, Mathematics - Group Theory, Mathematics - K-Theory and Homology, Mathematics - Logic},
}



